<?xml version="1.0" encoding="UTF-8"?><record xmlns="http://www.loc.gov/MARC21/slim" xmlns:cinclude="http://apache.org/cocoon/include/1.0" xmlns:zs="http://www.loc.gov/zing/srw/">
  <leader>00357nz  a2200121n  4500</leader>
  <controlfield tag="001">nb 99157361 </controlfield>
  <controlfield tag="003">DLC</controlfield>
  <controlfield tag="005">20000825053010.0</controlfield>
  <controlfield tag="008">000816n| acannaabn          |n aaa     c</controlfield>
  <datafield tag="010" ind1=" " ind2=" ">
    <subfield code="a">nb 99157361 </subfield>
  </datafield>
  <datafield tag="040" ind1=" " ind2=" ">
    <subfield code="a">Uk</subfield>
    <subfield code="b">eng</subfield>
    <subfield code="c">Uk</subfield>
  </datafield>
  <datafield tag="100" ind1="1" ind2="0">
    <subfield code="a">Lahiff, Tommy,</subfield>
    <subfield code="d">1910-1996</subfield>
  </datafield>
  <datafield tag="670" ind1=" " ind2=" ">
    <subfield code="a">Game for anything, 1999:</subfield>
    <subfield code="b">t.p. (Tommy Lahiff) p.8 (born 30 July 1910) p.5 (died 8 Dec. 1996)</subfield>
  </datafield>
</record>